<?xml version="1.0" encoding="UTF-8"?>
<SOAP-ENV:Envelope xmlns:SOAP-ENV="http://schemas.xmlsoap.org/soap/envelope/" xmlns:ns1="http://oss.dbc.dk/ns/openformat" xmlns:os="http://oss.dbc.dk/ns/opensearch" xmlns:dc="http://purl.org/dc/elements/1.1/" xmlns:dkabm="http://biblstandard.dk/abm/namespace/dkabm/" xmlns:ISO639-2="http://lcweb.loc.gov/standards/iso639-2/" xmlns:dcmitype="http://purl.org/dc/dcmitype/" xmlns:dcterms="http://purl.org/dc/terms/" xmlns:ac="http://biblstandard.dk/ac/namespace/" xmlns:dkdcplus="http://biblstandard.dk/abm/namespace/dkdcplus/" xmlns:oss="http://oss.dbc.dk/ns/osstypes" xmlns:marcx="info:lc/xmlns/marcxchange-v1" xmlns:xsi="http://www.w3.org/2001/XMLSchema-instance" xmlns:foxml="info:fedora/fedora-system:def/foxml#" xsi:schemaLocation="info:fedora/fedora-system:def/foxml# http://www.fedora.info/definitions/1/0/foxml1-1.xsd">
  <SOAP-ENV:Body>
    <ns1:formatRequest>
      <ns1:originalData>
<oclcRecords><oclcRecord><foxml:digitalObject VERSION="1.1" PID="870970-basis:28650582">
<foxml:objectProperties>
<foxml:property NAME="info:fedora/fedora-system:def/model#state" VALUE="Active"/>
<foxml:property NAME="info:fedora/fedora-system:def/model#label" VALUE=""/>
<foxml:property NAME="info:fedora/fedora-system:def/model#ownerId" VALUE=""/>
<foxml:property NAME="info:fedora/fedora-system:def/model#createdDate" VALUE="2013-05-16T11:59:38.724Z"/>
<foxml:property NAME="info:fedora/fedora-system:def/view#lastModifiedDate" VALUE="2013-05-16T11:59:38.815Z"/>
</foxml:objectProperties>
<foxml:datastream ID="AUDIT" STATE="A" CONTROL_GROUP="X" VERSIONABLE="false">
<foxml:datastreamVersion ID="AUDIT.0" LABEL="Audit Trail for this object" CREATED="2013-05-16T11:59:38.724Z" MIMETYPE="text/xml" FORMAT_URI="info:fedora/fedora-system:format/xml.fedora.audit">
<foxml:xmlContent>
<audit:auditTrail xmlns:audit="info:fedora/fedora-system:def/audit#">
<audit:record ID="AUDREC1">
<audit:process type="Fedora API-M"/>
<audit:action>modifyDatastreamByValue</audit:action>
<audit:componentID>RELS-SYS</audit:componentID>
<audit:responsibility>fedoraAdmin</audit:responsibility>
<audit:date>2013-05-16T11:59:38.815Z</audit:date>
<audit:justification></audit:justification>
</audit:record>
</audit:auditTrail>
</foxml:xmlContent>
</foxml:datastreamVersion>
</foxml:datastream>
<foxml:datastream ID="DC" STATE="A" CONTROL_GROUP="X" VERSIONABLE="false">
<foxml:datastreamVersion ID="DC.0" LABEL="" CREATED="2013-05-16T11:59:38.736Z" MIMETYPE="text/xml" SIZE="1699">
<foxml:xmlContent>
<oai_dc:dc xmlns:oai_dc="http://www.openarchives.org/OAI/2.0/oai_dc/" xmlns:dc="http://purl.org/dc/elements/1.1/" xmlns:xsi="http://www.w3.org/2001/XMLSchema-instance" xsi:schemaLocation="http://www.openarchives.org/OAI/2.0/oai_dc/ http://www.openarchives.org/OAI/2.0/oai_dc.xsd">
  <dc:title>min kamp</dc:title>
  <dc:title>MATCH:min ka</dc:title>
  <dc:creator>Karl Ove Knausgård</dc:creator>
  <dc:creator>NOBIRTH:Karl Ove Knausgård</dc:creator>
  <dc:creator>MATCHSTRING:Knausgårdk</dc:creator>
  <dc:creator>MATCHSTRING:Knausgårdk</dc:creator>
  <dc:subject>alkoholmisbrug</dc:subject>
  <dc:subject>barndom</dc:subject>
  <dc:subject>barndomserindringer</dc:subject>
  <dc:subject>børn</dc:subject>
  <dc:subject>døden</dc:subject>
  <dc:subject>erindringer</dc:subject>
  <dc:subject>familien</dc:subject>
  <dc:subject>far-søn forholdet</dc:subject>
  <dc:subject>forfattere</dc:subject>
  <dc:subject>forældre</dc:subject>
  <dc:subject>identitet</dc:subject>
  <dc:subject>parforhold</dc:subject>
  <dc:subject>Norge</dc:subject>
  <dc:subject>Sverige</dc:subject>
  <dc:subject>1980-1989</dc:subject>
  <dc:subject>1990-1999</dc:subject>
  <dc:subject>2000-2009</dc:subject>
  <dc:publisher>lindhardt og ringhof</dc:publisher>
  <dc:publisher>MATCHSTRING:lindhar</dc:publisher>
  <dc:contributor>sara koch</dc:contributor>
  <dc:date>2011</dc:date>
  <dc:type>Bog</dc:type>
  <dc:type>WORK:literature</dc:type>
  <dc:type>RECORD:multivolume</dc:type>
  <dc:identifier>870970-basis:28650582</dc:identifier>
  <dc:identifier>ISBN:9788711416389</dc:identifier>
  <dc:source>min kamp</dc:source>
  <dc:language>Dansk</dc:language>
  <dc:relation>:28330405</dc:relation>
</oai_dc:dc>
</foxml:xmlContent>
</foxml:datastreamVersion>
</foxml:datastream>
<foxml:datastream ID="commonData" STATE="A" CONTROL_GROUP="X" VERSIONABLE="false">
<foxml:datastreamVersion ID="commonData.0" LABEL="" CREATED="2013-05-16T11:59:38.737Z" MIMETYPE="text/xml" SIZE="18671">
<foxml:xmlContent>
<ting:container xmlns:ac="http://biblstandard.dk/ac/namespace/" xmlns:dc="http://purl.org/dc/elements/1.1/" xmlns:dcterms="http://purl.org/dc/terms/" xmlns:dkabm="http://biblstandard.dk/abm/namespace/dkabm/" xmlns:dkdcplus="http://biblstandard.dk/abm/namespace/dkdcplus/" xmlns:docbook="http://docbook.org/ns/docbook" xmlns:oss="http://oss.dbc.dk/ns/osstypes" xmlns:ting="http://www.dbc.dk/ting" xmlns:xsi="http://www.w3.org/2001/XMLSchema-instance"><dkabm:record><ac:identifier>28650582|870970</ac:identifier><ac:source>Bibliotekskatalog</ac:source><dc:title>Min kamp</dc:title><dc:title xsi:type="dkdcplus:full">Min kamp : roman</dc:title><dc:creator xsi:type="dkdcplus:aut">Karl Ove Knausgård</dc:creator><dc:creator xsi:type="oss:sort">Knausgård, Karl Ove</dc:creator><dc:subject xsi:type="dkdcplus:DK5-Text">Skønlitteratur</dc:subject><dc:subject xsi:type="dkdcplus:DBCS">alkoholmisbrug</dc:subject><dc:subject xsi:type="dkdcplus:DBCS">barndom</dc:subject><dc:subject xsi:type="dkdcplus:DBCS">barndomserindringer</dc:subject><dc:subject xsi:type="dkdcplus:DBCS">børn</dc:subject><dc:subject xsi:type="dkdcplus:DBCS">døden</dc:subject><dc:subject xsi:type="dkdcplus:DBCS">erindringer</dc:subject><dc:subject xsi:type="dkdcplus:DBCS">familien</dc:subject><dc:subject xsi:type="dkdcplus:DBCS">far-søn forholdet</dc:subject><dc:subject xsi:type="dkdcplus:DBCS">forfattere</dc:subject><dc:subject xsi:type="dkdcplus:DBCS">forældre</dc:subject><dc:subject xsi:type="dkdcplus:DBCS">identitet</dc:subject><dc:subject xsi:type="dkdcplus:DBCS">parforhold</dc:subject><dc:subject xsi:type="dkdcplus:DK5">sk</dc:subject><dcterms:abstract>Verden set med barnet Karl Oves øjne. En familie på fire, mor, far og to sønner flytter til Sørlandet til et nyt hus i en ny bebyggelse. Det er tidligt i 1970&apos;erne, børnene er små, forældrene unge og fremtiden åben. Men på et eller andet tidspunkt lukkes den, på et eller andet tidspunkt bliver deres skæbne udstukket</dcterms:abstract><dcterms:audience>voksenmaterialer</dcterms:audience><dkdcplus:version>1. udgave</dkdcplus:version><dc:publisher>Lindhardt og Ringhof</dc:publisher><dc:contributor xsi:type="dkdcplus:trl">Sara Koch</dc:contributor><dc:date>2011</dc:date><dc:type xsi:type="dkdcplus:BibDK-Type">Bog</dc:type><dcterms:extent>478 sider</dcterms:extent><dcterms:extent>6 bind</dcterms:extent><dc:identifier xsi:type="dkdcplus:ISBN">9788711416389</dc:identifier><dc:source>Min kamp</dc:source><dc:language xsi:type="dcterms:ISO639-2">dan</dc:language><dc:language>Dansk</dc:language><dcterms:spatial xsi:type="dkdcplus:DBCS">Norge</dcterms:spatial><dcterms:spatial xsi:type="dkdcplus:DBCS">Sverige</dcterms:spatial><dcterms:temporal xsi:type="dkdcplus:DBCP">1980-1989</dcterms:temporal><dcterms:temporal xsi:type="dkdcplus:DBCP">1990-1999</dcterms:temporal><dcterms:temporal xsi:type="dkdcplus:DBCP">2000-2009</dcterms:temporal></dkabm:record><marcx:collection xmlns:marcx="info:lc/xmlns/marcxchange-v1"><marcx:record format="danMARC2" type="Bibliographic"><marcx:leader>00000n    2200000   4500</marcx:leader><marcx:datafield ind1="0" ind2="0" tag="001"><marcx:subfield code="a">28650582</marcx:subfield><marcx:subfield code="b">870970</marcx:subfield><marcx:subfield code="c">20120203122233</marcx:subfield><marcx:subfield code="d">20110214</marcx:subfield><marcx:subfield code="f">a</marcx:subfield></marcx:datafield><marcx:datafield ind1="0" ind2="0" tag="004"><marcx:subfield code="r">n</marcx:subfield><marcx:subfield code="a">e</marcx:subfield></marcx:datafield><marcx:datafield ind1="0" ind2="0" tag="008"><marcx:subfield code="t">m</marcx:subfield><marcx:subfield code="u">f</marcx:subfield><marcx:subfield code="a">2011</marcx:subfield><marcx:subfield code="b">dk</marcx:subfield><marcx:subfield code="d">x</marcx:subfield><marcx:subfield code="j">f</marcx:subfield><marcx:subfield code="l">dan</marcx:subfield><marcx:subfield code="v">0</marcx:subfield></marcx:datafield><marcx:datafield ind1="0" ind2="0" tag="009"><marcx:subfield code="a">a</marcx:subfield><marcx:subfield code="g">xx</marcx:subfield></marcx:datafield><marcx:datafield ind1="0" ind2="0" tag="018"><marcx:subfield code="a">28330405</marcx:subfield></marcx:datafield><marcx:datafield ind1="0" ind2="0" tag="021"><marcx:subfield code="e">9788711416389</marcx:subfield><marcx:subfield code="c">ib.</marcx:subfield><marcx:subfield code="d">kr. 349,95</marcx:subfield></marcx:datafield><marcx:datafield ind1="0" ind2="0" tag="032"><marcx:subfield code="x">ACC201107</marcx:subfield><marcx:subfield code="a">DBF201110</marcx:subfield><marcx:subfield code="x">BKM201110</marcx:subfield><marcx:subfield code="x">BKX201109</marcx:subfield><marcx:subfield code="x">DAT201206</marcx:subfield></marcx:datafield><marcx:datafield ind1="0" ind2="0" tag="041"><marcx:subfield code="a">dan</marcx:subfield><marcx:subfield code="c">nor</marcx:subfield></marcx:datafield><marcx:datafield ind1="0" ind2="0" tag="100"><marcx:subfield code="a">Knausgård</marcx:subfield><marcx:subfield code="h">Karl Ove</marcx:subfield><marcx:subfield code="4">aut</marcx:subfield></marcx:datafield><marcx:datafield ind1="0" ind2="0" tag="241"><marcx:subfield code="a">Min kamp</marcx:subfield><marcx:subfield code="r">norsk</marcx:subfield></marcx:datafield><marcx:datafield ind1="0" ind2="0" tag="245"><marcx:subfield code="a">Min kamp</marcx:subfield><marcx:subfield code="c">roman</marcx:subfield><marcx:subfield code="g">3. bog</marcx:subfield></marcx:datafield><marcx:datafield ind1="0" ind2="0" tag="250"><marcx:subfield code="a">1. udgave</marcx:subfield><marcx:subfield code="b">÷</marcx:subfield></marcx:datafield><marcx:datafield ind1="0" ind2="0" tag="260"><marcx:subfield code="c">2011</marcx:subfield></marcx:datafield><marcx:datafield ind1="0" ind2="0" tag="260"><marcx:subfield code="&amp;">1</marcx:subfield><marcx:subfield code="a">Kbh.</marcx:subfield><marcx:subfield code="b">Lindhardt og Ringhof</marcx:subfield></marcx:datafield><marcx:datafield ind1="0" ind2="0" tag="300"><marcx:subfield code="a">478 sider</marcx:subfield></marcx:datafield><marcx:datafield ind1="0" ind2="0" tag="300"><marcx:subfield code="a">6 bind</marcx:subfield></marcx:datafield><marcx:datafield ind1="0" ind2="0" tag="504"><marcx:subfield code="&amp;">1</marcx:subfield><marcx:subfield code="a">Verden set med barnet Karl Oves øjne. En familie på fire, mor, far og to sønner flytter til Sørlandet til et nyt hus i en ny bebyggelse. Det er tidligt i 1970&apos;erne, børnene er små, forældrene unge og fremtiden åben. Men på et eller andet tidspunkt lukkes den, på et eller andet tidspunkt bliver deres skæbne udstukket</marcx:subfield></marcx:datafield><marcx:datafield ind1="0" ind2="0" tag="521"><marcx:subfield code="b">1. oplag</marcx:subfield><marcx:subfield code="c">2011</marcx:subfield></marcx:datafield><marcx:datafield ind1="0" ind2="0" tag="652"><marcx:subfield code="n">85</marcx:subfield><marcx:subfield code="z">26</marcx:subfield></marcx:datafield><marcx:datafield ind1="0" ind2="0" tag="652"><marcx:subfield code="o">sk</marcx:subfield></marcx:datafield><marcx:datafield ind1="0" ind2="0" tag="666"><marcx:subfield code="0"></marcx:subfield><marcx:subfield code="s">far-søn forholdet</marcx:subfield></marcx:datafield><marcx:datafield ind1="0" ind2="0" tag="666"><marcx:subfield code="0"></marcx:subfield><marcx:subfield code="s">døden</marcx:subfield></marcx:datafield><marcx:datafield ind1="0" ind2="0" tag="666"><marcx:subfield code="0"></marcx:subfield><marcx:subfield code="s">alkoholmisbrug</marcx:subfield></marcx:datafield><marcx:datafield ind1="0" ind2="0" tag="666"><marcx:subfield code="0"></marcx:subfield><marcx:subfield code="s">forfattere</marcx:subfield></marcx:datafield><marcx:datafield ind1="0" ind2="0" tag="666"><marcx:subfield code="0"></marcx:subfield><marcx:subfield code="s">familien</marcx:subfield></marcx:datafield><marcx:datafield ind1="0" ind2="0" tag="666"><marcx:subfield code="0"></marcx:subfield><marcx:subfield code="s">parforhold</marcx:subfield></marcx:datafield><marcx:datafield ind1="0" ind2="0" tag="666"><marcx:subfield code="0"></marcx:subfield><marcx:subfield code="s">forældre</marcx:subfield></marcx:datafield><marcx:datafield ind1="0" ind2="0" tag="666"><marcx:subfield code="0"></marcx:subfield><marcx:subfield code="s">børn</marcx:subfield></marcx:datafield><marcx:datafield ind1="0" ind2="0" tag="666"><marcx:subfield code="0"></marcx:subfield><marcx:subfield code="s">barndom</marcx:subfield></marcx:datafield><marcx:datafield ind1="0" ind2="0" tag="666"><marcx:subfield code="0"></marcx:subfield><marcx:subfield code="s">identitet</marcx:subfield></marcx:datafield><marcx:datafield ind1="0" ind2="0" tag="666"><marcx:subfield code="0"></marcx:subfield><marcx:subfield code="s">barndomserindringer</marcx:subfield></marcx:datafield><marcx:datafield ind1="0" ind2="0" tag="666"><marcx:subfield code="0"></marcx:subfield><marcx:subfield code="s">erindringer</marcx:subfield></marcx:datafield><marcx:datafield ind1="0" ind2="0" tag="666"><marcx:subfield code="0"></marcx:subfield><marcx:subfield code="i">1980-1989</marcx:subfield></marcx:datafield><marcx:datafield ind1="0" ind2="0" tag="666"><marcx:subfield code="0"></marcx:subfield><marcx:subfield code="i">1990-1999</marcx:subfield></marcx:datafield><marcx:datafield ind1="0" ind2="0" tag="666"><marcx:subfield code="0"></marcx:subfield><marcx:subfield code="i">2000-2009</marcx:subfield></marcx:datafield><marcx:datafield ind1="0" ind2="0" tag="666"><marcx:subfield code="0"></marcx:subfield><marcx:subfield code="q">Norge</marcx:subfield></marcx:datafield><marcx:datafield ind1="0" ind2="0" tag="666"><marcx:subfield code="0"></marcx:subfield><marcx:subfield code="q">Sverige</marcx:subfield></marcx:datafield><marcx:datafield ind1="0" ind2="0" tag="720"><marcx:subfield code="o">Sara Koch</marcx:subfield><marcx:subfield code="4">trl</marcx:subfield></marcx:datafield><marcx:datafield ind1="0" ind2="0" tag="990"><marcx:subfield code="o">201110</marcx:subfield><marcx:subfield code="b">v</marcx:subfield><marcx:subfield code="u">nt</marcx:subfield></marcx:datafield><marcx:datafield ind1="0" ind2="0" tag="991"><marcx:subfield code="o">Ekspres 201109</marcx:subfield></marcx:datafield><marcx:datafield ind1="0" ind2="0" tag="996"><marcx:subfield code="a">DBC</marcx:subfield></marcx:datafield></marcx:record>