<marcx:record format="danMARC2" type="BibliographicVolume"><marcx:leader>00000n    2200000   4500</marcx:leader><marcx:datafield ind1="0" ind2="0" tag="001"><marcx:subfield code="a">28650582</marcx:subfield><marcx:subfield code="b">870970</marcx:subfield><marcx:subfield code="c">20120203122233</marcx:subfield><marcx:subfield code="d">20110214</marcx:subfield><marcx:subfield code="f">a</marcx:subfield></marcx:datafield><marcx:datafield ind1="0" ind2="0" tag="004"><marcx:subfield code="r">n</marcx:subfield><marcx:subfield code="a">b</marcx:subfield></marcx:datafield><marcx:datafield ind1="0" ind2="0" tag="008"><marcx:subfield code="t">m</marcx:subfield><marcx:subfield code="u">f</marcx:subfield><marcx:subfield code="a">2011</marcx:subfield><marcx:subfield code="v">0</marcx:subfield></marcx:datafield><marcx:datafield ind1="0" ind2="0" tag="014"><marcx:subfield code="a">28330405</marcx:subfield></marcx:datafield><marcx:datafield ind1="0" ind2="0" tag="021"><marcx:subfield code="e">9788711416389</marcx:subfield><marcx:subfield code="c">ib.</marcx:subfield><marcx:subfield code="d">kr. 349,95</marcx:subfield></marcx:datafield><marcx:datafield ind1="0" ind2="0" tag="032"><marcx:subfield code="x">ACC201107</marcx:subfield><marcx:subfield code="a">DBF201110</marcx:subfield><marcx:subfield code="x">BKM201110</marcx:subfield><marcx:subfield code="x">BKX201109</marcx:subfield><marcx:subfield code="x">DAT201206</marcx:subfield></marcx:datafield><marcx:datafield ind1="0" ind2="0" tag="245"><marcx:subfield code="g">3. bog</marcx:subfield></marcx:datafield><marcx:datafield ind1="0" ind2="0" tag="250"><marcx:subfield code="a">1. udgave</marcx:subfield><marcx:subfield code="b">÷</marcx:subfield></marcx:datafield><marcx:datafield ind1="0" ind2="0" tag="260"><marcx:subfield code="c">2011</marcx:subfield></marcx:datafield><marcx:datafield ind1="0" ind2="0" tag="300"><marcx:subfield code="a">478 sider</marcx:subfield></marcx:datafield><marcx:datafield ind1="0" ind2="0" tag="504"><marcx:subfield code="&amp;">1</marcx:subfield><marcx:subfield code="a">Verden set med barnet Karl Oves øjne. En familie på fire, mor, far og to sønner flytter til Sørlandet til et nyt hus i en ny bebyggelse. Det er tidligt i 1970&apos;erne, børnene er små, forældrene unge og fremtiden åben. Men på et eller andet tidspunkt lukkes den, på et eller andet tidspunkt bliver deres skæbne udstukket</marcx:subfield></marcx:datafield><marcx:datafield ind1="0" ind2="0" tag="521"><marcx:subfield code="b">1. oplag</marcx:subfield><marcx:subfield code="c">2011</marcx:subfield></marcx:datafield><marcx:datafield ind1="0" ind2="0" tag="990"><marcx:subfield code="o">201110</marcx:subfield><marcx:subfield code="b">v</marcx:subfield><marcx:subfield code="u">nt</marcx:subfield></marcx:datafield><marcx:datafield ind1="0" ind2="0" tag="991"><marcx:subfield code="o">Ekspres 201109</marcx:subfield></marcx:datafield></marcx:record></marcx:collection><adminData><creationDate>2011-02-14</creationDate><libraryType>none</libraryType><indexingAlias>danmarcxchange</indexingAlias><accessType>physical</accessType><genre>fiktion</genre><collectionIdentifier>870970-basis</collectionIdentifier></adminData></ting:container>
</foxml:xmlContent>
</foxml:datastreamVersion>
</foxml:datastream>
<foxml:datastream ID="localData.870970-basis" STATE="A" CONTROL_GROUP="X" VERSIONABLE="false">
<foxml:datastreamVersion ID="localData.870970-basis.0" LABEL="" CREATED="2013-05-16T11:59:38.737Z" MIMETYPE="text/xml" SIZE="4834">
<foxml:xmlContent>
<ting:localData xmlns:ting="http://www.dbc.dk/ting"><marcx:record xmlns:marcx="info:lc/xmlns/marcxchange-v1" format="danMARC2" type="BibliographicLocal"><marcx:datafield ind1="0" ind2="0" tag="d08"><marcx:subfield code="o">psc</marcx:subfield><marcx:subfield code="a">666 dækker hele værket, skal evt. justeres ved kommende bind</marcx:subfield><marcx:subfield code="o">osh</marcx:subfield><marcx:subfield code="a">lukket 201247</marcx:subfield></marcx:datafield><marcx:datafield ind1="0" ind2="0" tag="d08"><marcx:subfield code="o">cko</marcx:subfield><marcx:subfield code="o">psc</marcx:subfield><marcx:subfield code="k">anh</marcx:subfield></marcx:datafield><marcx:datafield ind1="0" ind2="0" tag="d30"><marcx:subfield code="i">h</marcx:subfield></marcx:datafield><marcx:datafield ind1="0" ind2="0" tag="d31"><marcx:subfield code="b">157</marcx:subfield><marcx:subfield code="h">230</marcx:subfield><marcx:subfield code="t">35</marcx:subfield></marcx:datafield><marcx:datafield ind1="0" ind2="0" tag="d32"><marcx:subfield code="b">151</marcx:subfield><marcx:subfield code="h">226</marcx:subfield></marcx:datafield><marcx:datafield ind1="0" ind2="0" tag="d35"><marcx:subfield code="a">I</marcx:subfield><marcx:subfield code="i">03</marcx:subfield><marcx:subfield code="n">08</marcx:subfield><marcx:subfield code="p">05</marcx:subfield><marcx:subfield code="q">08</marcx:subfield></marcx:datafield><marcx:datafield ind1="0" ind2="0" tag="d90"><marcx:subfield code="x">201109</marcx:subfield><marcx:subfield code="b">v</marcx:subfield><marcx:subfield code="u">nt</marcx:subfield></marcx:datafield><marcx:datafield ind1="0" ind2="0" tag="f06"><marcx:subfield code="b">v</marcx:subfield></marcx:datafield><marcx:datafield ind1="0" ind2="0" tag="n51"><marcx:subfield code="a">20110307</marcx:subfield><marcx:subfield code="b">ejBKX</marcx:subfield></marcx:datafield><marcx:datafield ind1="0" ind2="0" tag="n55"><marcx:subfield code="a">20110214</marcx:subfield></marcx:datafield><marcx:datafield ind1="0" ind2="0" tag="s12"><marcx:subfield code="t">TeamBLY201108</marcx:subfield></marcx:datafield><marcx:datafield ind1="0" ind2="0" tag="z99"><marcx:subfield code="a">anh</marcx:subfield></marcx:datafield><marcx:datafield ind1="0" ind2="0" tag="z99"><marcx:subfield code="a">psc</marcx:subfield></marcx:datafield><marcx:datafield ind1="0" ind2="0" tag="d08"><marcx:subfield code="o">psc</marcx:subfield><marcx:subfield code="a">666 dækker hele værket, skal evt. justeres ved kommende bind</marcx:subfield><marcx:subfield code="o">osh</marcx:subfield><marcx:subfield code="a">lukket 201247</marcx:subfield></marcx:datafield><marcx:datafield ind1="0" ind2="0" tag="s10"><marcx:subfield code="a">DBC</marcx:subfield></marcx:datafield><marcx:datafield ind1="0" ind2="0" tag="z99"><marcx:subfield code="a">anh</marcx:subfield></marcx:datafield><marcx:datafield ind1="0" ind2="0" tag="n55"><marcx:subfield code="a">20100624</marcx:subfield></marcx:datafield><marcx:datafield ind1="0" ind2="0" tag="d08"><marcx:subfield code="o">cko</marcx:subfield><marcx:subfield code="o">psc</marcx:subfield><marcx:subfield code="k">anh</marcx:subfield></marcx:datafield><marcx:datafield ind1="0" ind2="0" tag="d30"><marcx:subfield code="i">h</marcx:subfield></marcx:datafield><marcx:datafield ind1="0" ind2="0" tag="d31"><marcx:subfield code="b">157</marcx:subfield><marcx:subfield code="h">230</marcx:subfield><marcx:subfield code="t">35</marcx:subfield></marcx:datafield><marcx:datafield ind1="0" ind2="0" tag="d32"><marcx:subfield code="b">151</marcx:subfield><marcx:subfield code="h">226</marcx:subfield></marcx:datafield><marcx:datafield ind1="0" ind2="0" tag="d35"><marcx:subfield code="a">I</marcx:subfield><marcx:subfield code="i">03</marcx:subfield><marcx:subfield code="n">08</marcx:subfield><marcx:subfield code="p">05</marcx:subfield><marcx:subfield code="q">08</marcx:subfield></marcx:datafield><marcx:datafield ind1="0" ind2="0" tag="d90"><marcx:subfield code="x">201109</marcx:subfield><marcx:subfield code="b">v</marcx:subfield><marcx:subfield code="u">nt</marcx:subfield></marcx:datafield><marcx:datafield ind1="0" ind2="0" tag="f06"><marcx:subfield code="b">v</marcx:subfield></marcx:datafield><marcx:datafield ind1="0" ind2="0" tag="n51"><marcx:subfield code="a">20110307</marcx:subfield><marcx:subfield code="b">ejBKX</marcx:subfield></marcx:datafield><marcx:datafield ind1="0" ind2="0" tag="s10"><marcx:subfield code="a">DBC</marcx:subfield></marcx:datafield><marcx:datafield ind1="0" ind2="0" tag="s12"><marcx:subfield code="t">TeamBLY201108</marcx:subfield></marcx:datafield><marcx:datafield ind1="0" ind2="0" tag="z99"><marcx:subfield code="a">psc</marcx:subfield></marcx:datafield><marcx:datafield ind1="0" ind2="0" tag="n55"><marcx:subfield code="a">20110214</marcx:subfield></marcx:datafield></marcx:record></ting:localData>
</foxml:xmlContent>
</foxml:datastreamVersion>
</foxml:datastream>
<foxml:datastream ID="RELS-SYS" STATE="A" CONTROL_GROUP="X" VERSIONABLE="false">
<foxml:datastreamVersion ID="RELS-SYS.1" LABEL="" CREATED="2013-05-16T11:59:38.815Z" MIMETYPE="application/rdf+xml" SIZE="317">
<foxml:xmlContent>
<rdf:RDF xmlns:rdf="http://www.w3.org/1999/02/22-rdf-syntax-ns#">
  <rdf:Description rdf:about="info:fedora/870970-basis:28650582">
    <isMemberOfUnit xmlns="info:fedora/">unit:32798</isMemberOfUnit>
    <isPrimaryBibObjectFor xmlns="info:fedora/">unit:32798</isPrimaryBibObjectFor>
  </rdf:Description>
</rdf:RDF>
</foxml:xmlContent>
</foxml:datastreamVersion>
</foxml:datastream>
</foxml:digitalObject><ocn></ocn><holdingsServiceResponse><response>
<timestamp>2013-05-30 10:26:02.983</timestamp>
<pid>870970-basis:28650582</pid>
<result>
</result>
</response></holdingsServiceResponse></oclcRecord></oclcRecords>

</ns1:originalData>
<ns1:outputFormat>PLACEHOLDER</ns1:outputFormat>
   </ns1:formatRequest>
 </SOAP-ENV:Body>
</SOAP-ENV:Envelope>
